@article{CDOQuartic,
  author={Cohen, H. and Diaz y Diaz, F. and Olivier, M.},
  title={Enumerating Quartic Dihedral Extensions of $\mathbb{Q}$},
  journal={Composito Mathematica},
  volume=133,
  pages={65--93},
  year=2002,
}

@article{CohenC4,
  author={Cohen, H. and Diaz y Diaz, F. and Olivier, M.},
  title={Counting cyclic quartic extensions of a number field},
  journal={Journal de Th\'eorie des Nombres de Bordeaux},
  volume=17,
  year=2005,
  pages={475--510},
}

@article{D4,
	author = {Altug, A. and Shankar, A. and Varma, I. and Wilson, K.~H.},
	title = {The number of {$D_4$}-quartic fields ordered by conductor},
	year = {2016},
	note = {Preprint},
	}

@incollection{CL,
    AUTHOR = {Cohen, H. and Lenstra, Jr., H. W.},
     TITLE = {Heuristics on class groups of number fields},
 BOOKTITLE = {Number theory, {N}oordwijkerhout 1983 ({N}oordwijkerhout,
              1983)},
    SERIES = {Lecture Notes in Math.},
    VOLUME = {1068},
     PAGES = {33--62},
 PUBLISHER = {Springer, Berlin},
      YEAR = {1984},
}

@article{Maki,
  author = {M\"aki, S.},
  title = {The Conductor Density of Abelian Number Fields},
  volume = {47},
  number = {1},
  pages = {18-30},
  year = {1993},
  doi = {10.1112/jlms/s2-47.1.18},
  URL = {http://jlms.oxfordjournals.org/content/s2-47/1/18.short},
  eprint = {http://jlms.oxfordjournals.org/content/s2-47/1/18.full.pdf+html},
  journal = {Journal of the London Mathematical Society (2)}
}

@article{melaniemass,
    AUTHOR = {Wood, M.~M.},
     TITLE = {Mass formulas for local {G}alois representations to wreath products and cross products},
   JOURNAL = {Algebra Number Theory},
  FJOURNAL = {Algebra \& Number Theory},
    VOLUME = {2},
      YEAR = {2008},
    NUMBER = {4},
     PAGES = {391--405},
}

@article{kedlayamass,
    AUTHOR = {Kedlaya, K.},
     TITLE = {Mass formulas for local {G}alois representations},
      NOTE = {With an appendix by Daniel Gulotta},
   JOURNAL = {International Mathematics Research Notices},
  FJOURNAL = {International Mathematics Research Notices. IMRN},
      YEAR = {2007},
    NUMBER = {17},
}

@article{bhargavamass,
    AUTHOR = {Bhargava, M.},
     TITLE = {Mass formulae for extensions of local fields, and conjectures on the density of number field discriminants},
   JOURNAL = {International Mathematics Research Notices},
  FJOURNAL = {International Mathematics Research Notices. IMRN},
      YEAR = {2007},
    NUMBER = {17},
  }


@book{rose,
    AUTHOR = {Rose, H.~E.},
     TITLE = {A course on finite groups},
    SERIES = {Universitext},
 PUBLISHER = {Springer-Verlag London, Ltd., London},
      YEAR = {2009},
}

@article{mallei,
  author={Malle, G.},
  title={On the distribution of {G}alois groups},
  journal={Journal of Number Theory},
  volume=92,
  number=2,
  pages={315--329},
  year=2002,
}

@article{malleii,
  author={Malle, G.},
  title={On the distribution of Galois groups II},
  journal={Experimental Mathematics},
  volume=13,
  number=2,
  pages={129--135},
  year=2004
}


@bsthesis{SnyderThesis,
  author={Snyder, N.},
  title={Artin's $L$-functions: A Historical Approach},
  school={Harvard University},
  address={Boston, MA, USA},
  year={2002},
}

@article{BhargavaQuarticComposition,
  author={Bhargava, M.},
  title={Higher composition laws {III}: {The} parameterization of quartic rings},
  year=2004,
  journal={Annals of Mathematics},
  volume=159,
  pages={1329--1360}
}

@phdthesis{WoodThesis,
  author={Wood, M.~M.},
  title={{Moduli Spaces for Rings and Ideals}},
  year=2009,
  school={Princeton University},
  address={Princeton, NJ, USA}
}

@phdthesis{WilsonThesis,
  author={Wilson, K.},
  title={{Three Perspectives on $n$ points in $\mathbb{P}^{n-2}$}},
  year=2012,
  school={Princeton University},
  address={Princeton, NJ, USA}
}

@article{BhargavaShankarQuartic,
  author={Bhargava, M.~and Shankar, A.},
  title={Binary quartic forms having bounded invariants, and the boundedness of the average rank of elliptic curves},
  year=2015,
  volume=181,
  pages={191--242},
  journal={Annals of Mathematics},
}

@article{BombieriVinagradov,
  author={Bombieri, E.},
  title={Le {G}rand {C}rible dans la {T}h\'eorie {A}nalytique des {N}ombres},
  volume=18,
  year=1987,
  journal={Ast\'erisque},
  edition=2
}

@phdthesis{YangThesis,
  author={Yang, A.},
  title={Distribution problems associated to zeta functions and invariant theory},
  school={Princeton University},
  address={Princeton, NJ, USA},
  year=2009
}

@article{Turkelli,
  author={T\"urkelli, S.},
  title={Connected components of {H}urwitz schemes and {M}alle's conjecture},
  journal={Journal of Number Theory},
  pages={163--201},
  year=2015,
  volume=155
}

@article{DavenportHeilbronn,
  title={On the density of discriminants of cubic fields II},
  author={Davenport, H. and Heilbronn, H.},
  year=1971,
  journal={Proceedings of the Royal Society of London Series A},
  volume=322,
  number=1551,
  pages={405--420},
}

@article{BhargavaQuarticCount,
  author={Bhargava, M.},
  title={The Density of Discriminants of Quartic Rings and Fields},
  journal={Annals of Mathematics},
  year=2005,
  volume=162,
  number=2,
  pages={1031--1063},
}

@article{BhargavaQuinticCount,
  author={Bhargava, M.},
  title={The density of discriminants of quintic rings and fields},
  pages={1559--1591},
  year=2010,
  volume=172,
  journal={Annals of Mathematics},
  number=3,
}

@article{BhargavaQuinticComposition,
  author={Bhargava, M.},
  title={Higher composition laws {IV}: The parameterization of quintic rings},
  journal={Annals of Mathematics},
  year=2008,
  volume=167,
  number=1,
  pages={53--94},
}
